<?xml version="1.0" encoding="UTF-8"?><collection xmlns="http://www.loc.gov/MARC21/slim"><record><leader>00348nam--2200121-i-4500</leader><controlfield tag="001">000002566</controlfield><controlfield tag="002">20161230</controlfield><controlfield tag="005">20161230201025</controlfield><controlfield tag="008">060222s1000------------r-----000-0-eng-d</controlfield><datafield ind1=" " ind2=" " tag="245"><subfield code="a">Wo stehen wir heute? in der sicht der naturwis senschaftlicher und arzte</subfield></datafield><datafield ind1=" " ind2=" " tag="260"><subfield code="a">Wien, Bertelsmann Sachbuchverlag, 1971. 270 P</subfield></datafield><datafield ind1=" " ind2=" " tag="700"><subfield code="a">Bahr, H.W</subfield></datafield><datafield ind1=" " ind2=" " tag="852"><subfield code="a">36813</subfield></datafield></record></collection>